<?xml version="1.0" encoding="UTF-8"?><collection xmlns="http://www.loc.gov/MARC21/slim"><record><leader>00473nam--2200157-i-4500</leader><controlfield tag="001">000026403</controlfield><controlfield tag="002">20161230</controlfield><controlfield tag="005">20170127225840</controlfield><controlfield tag="008">060222s1000------------r-----000-0-eng-d</controlfield><datafield ind1=" " ind2=" " tag="100"><subfield code="a">Pinkney, E. R</subfield></datafield><datafield ind1=" " ind2=" " tag="245"><subfield code="a">Review series. Vol. 23 Chemical processing of uranium ores. Vol. 24 Tratamiento de minerales de uranio</subfield></datafield><datafield ind1=" " ind2=" " tag="260"><subfield code="a">Viena</subfield><subfield code="b">Intern. Atomic Energy Agency</subfield><subfield code="c">1962</subfield></datafield><datafield ind1=" " ind2=" " tag="300"><subfield code="a">133 p</subfield></datafield><datafield ind1=" " ind2=" " tag="490"><subfield code="a">Review Series</subfield></datafield><datafield ind1=" " ind2=" " tag="700"><subfield code="a">Josa, J. M</subfield></datafield><datafield ind1=" " ind2=" " tag="CAT"><subfield code="a">SYS</subfield><subfield code="c">20170127</subfield><subfield code="h">225840</subfield></datafield></record></collection>